2410 4128
190 161 235 234 aa
367 177 370 186 ,

187 357 260 428 data
284 351 379 426 ssooci
401 339 588 418 aestimanda
614 363 698 416 suut.
757 352 1026 448 Quandoquidem
1053 356 1166 436 suidas,

186 477 378 562 Hesychius,
396 476 595 554 Eustatbius,
625 474 695 556 alii,
726 485 854 544 atvero
870 477 964 540 ctiam
980 477 1165 561 Apostolius,

186 597 578 666 cu·dina1issseuariunia
604 594 742 674 amicus,
789 597 906 661 mcculi
932 597 1049 662 decimi
1078 599 1165 683 quinti

184 714 341 806 comptor,
362 718 480 784 horum
494 719 772 786 Aristotelicorum
792 740 928 803 operum
949 719 1125 803 fragmenta
1139 721 1163 782 in

184 842 324 906 medium
346 841 519 910 attuleruut
546 841 745 926 aliorumque
773 839 1017 920 clarissimorum
1044 843 1163 936 scripto

182 989 257 1036 rum
270 963 336 1047 ⁹⁰),
364 963 497 1050 quibus,
528 974 565 1026 ut
579 973 640 1046 pro
657 974 748 1026 certo
764 953 887 1040 habeo,
916 983 958 1024 ne
975 963 1091 1028 leviter
1106 963 1162 1050 qui-

181 1087 256 1152 dem
268 1085 453 1154 uuiversum
469 1105 548 1168 opus
561 1082 738 1166 inspectum
747 1094 803 1154 est,
846 1085 1073 1148 Recentiorem
1089 1083 1161 1145 euim

181 1228 313 1292 semper,
327 1205 397 1270 fero
407 1189 629 1291 ‘antiquiorem
643 1195 888 1302 Grammaticus]
907 1205 1160 1288 transsumpsisse,

180 1329 214 1392 iu
238 1327 355 1391 horum
369 1303 560 1413 scriptorum
577 1325 730 1409 operibus
751 1325 893 1412 legendis
915 1324 1067 1411 perlacile
1083 1325 1161 1390 inve-

179 1448 265 1529 nias,
286 1449 425 1536 ingenue
441 1447 601 1510 interdum
615 1445 745 1510 serioris
761 1447 869 1520 aetatis
888 1447 1027 1534 scriptor
1040 1449 1160 1536 profite-

178 1582 250 1642 tur:
276 1591 311 1632 sa
328 1571 405 1632 alius
421 1571 608 1652 auctoritato
618 1541 704 1656 ¹opus
722 1570 850 1655 aliquod
866 1569 984 1634 afferre
999 1571 1090 1636 etuti
1104 1575 1160 1633 Eu·

177 1690 309 1762 stathius'
324 1690 366 1774 ὥς
378 1721 472 1782 φασιν
485 1690 627 1779 adjungit
642 1689 702 1769 ⁹⁷).'
741 1695 813 1768 Nou
827 1713 933 1754 meum
948 1704 996 1756 est
1009 1713 1093 1766 nuuc
1106 1692 1159 1754 dis·

177 1816 308 1908 quirere
323 1816 426 1882 omniu
437 1816 496 1904 'illa
511 1813 698 1896 commoda,
720 1835 802 1901 qnae
819 1813 1009 1899 perhibent,
1037 1787 1158 1897 purten·

115 1959 118 1965 ·
175 1915 251 2002 ‘rosis
273 1938 334 2002 illis
349 1937 561 2003 cruciatorum
575 1959 594 2002 e
608 1939 700 2004 hellis
715 1957 889 2015 emanasse,
913 1947 1020 1998 utrum
1038 1957 1075 1998 re
1089 1954 1158 2000 sera

175 2041 356 2147 exstiterin't
371 2079 432 2126 neo
447 2081 489 2124 ue
507 2058 574 2141 ⁹⁸),
607 2060 663 2126 sed
679 2059 742 2124 hoo
757 2044 952 2122 summorum
970 2057 1063 2119 etiam
1082 2059 1158 2121 viro·

114 2263 126 2272 ,
173 2181 248 2279 runi
281 2181 469 2244 auctoritate
501 2195 676 2244 commotus
701 2181 809 2243 dicere
838 2178 960 2244 audeo:
1000 2177 1158 2242 herberica

150 2297 232 2360 ista
254 2298 446 2364 incultorum
473 2301 660 2366 Latinorum
689 2299 981 2384 Constantinopolis
1006 2320 1157 2386 expugna·

172 2416 260 2484 tione
275 2440 402 2527 auream
416 2432 561 2487 veterum
575 2409 715 2525 operum¹
727 2421 867 2504 copiam,
888 2419 973 2504 proh
989 2420 1099 2484 dolor!
1126 2419 1155 2480 iu

168 2685 217 2747 lii
226 2682 325 2747 'verbis
344 2702 427 2767 utar,
454 2711 532 2772 quae
555 2703 673 2772 praeter
686 2679 861 2772 moirtinriv'
845 2694 981 2776 arpo'uuw
1000 2690 1154 2754 laudarunt

168 2764 278 2856 scripta
292 2768 482 2838 Aristotelica
496 2777 660 2858 argumenti
678 2779 794 2858 politici
812 2781 907 2859 Diog
900 2801 959 2837 nes
976 2779 1111 2838 Laertius
1128 2790 1154 2835 et

166 2861 507 2953 Menagiirluouymust
527 2865 716 2931 Holersxdro'
740 2901 781 2915 ··-
805 2868 981 2947 Holrtunip'
1001 2865 1081 2925 lraud
1100 2863 1153 2922 du-

164 2945 216 3094 pie
232 2967 293 3008 nou
298 2945 427 3010 fuerunt
440 2974 531 3036 opera
547 2952 708 3033 singularia
723 2972 738 3010 e
752 2951 886 3014 Politicis
906 2953 1051 3018 diversa„
1061 2951 1152 3012 Buhle

202 3055 226 3095 c
254 3055 341 3094 aas.

251 3154 307 3236 96)
342 3155 392 3217 Sic
418 3157 595 3238 Apostolius
620 3159 774 3240 prooemio
794 3119 1039 3241 proverbiorum
1055 3127 1153 3222 laudat

162 3242 332 3390 gppearetium
353 3243 532 3304 daofficiis.
577 3246 673 3308 Cicer.
689 3245 726 3306 de
743 3246 829 3308 Offic
851 3247 915 3308 La
899 3245 984 3332 a..§
1003 3272 1032 3331 7.
1052 3247 1152 3334 ibique

140 3468 180 3596 ‚l
248 3405 462 3606 97)6Eustatl1.
478 3450 516 3514 ad
528 3454 667 3536 Dionysii
680 3454 853 3538 Perregesrn
876 3476 903 3515 v.
916 3452 1014 3526 ardo.
1060 3435 1152 3516 Buble

196 3551 285 3600 aar
419 3595 427 3612 ,

246 3656 302 3738 98)
331 3603 507 3725 Notissimus
543 3679 586 3724 est
620 3663 680 3722 bac
705 3663 744 3724 de
770 3685 803 3724 rc
833 3661 973 3726 Heereuii
1011 3659 1151 3736 libellus,

159 3765 287 3826 quocum
304 3770 381 3811 oon.
362 3748 577 3816 ldourdaiul.
595 3772 618 3810 c
644 3751 694 3821 do.
