2410 4128
236 341 240 353 “
258 335 310 400 E'n
323 335 421 402 habes
435 313 549 426 igitur,
572 339 699 407 erudite
713 326 843 424 lector,¹
857 341 946 407 aurei
962 344 1047 408 illius
1060 341 1158 440 operis
1194 345 1196 437 l

55 459 59 472 '
171 454 367 542 fragmenta,
396 457 484 547 quod
498 459 617 522 utinam
630 457 789 547 integrum
807 461 904 527 hodie
928 480 1067 533 exstaret
1074 491 1086 552 3
1113 469 1158 532 vix
1194 458 1197 531 l

173 581 259 644 enim
273 581 335 644 dici
348 593 473 665 potest,
494 593 532 644 ut
541 581 718 646 casauboni
732 595 804 649 utar
817 587 940 670 verbis,
963 557 1059 674 quani
1069 593 1156 653 multa
1197 621 1198 688 ,

174 723 214 768 ec
239 719 338 786 opere
364 703 618 778 continerentur¹
632 705 778 772 omnibus
801 707 993 793 antiquitatis
1019 711 1156 775 studiosis

80 827 84 851 t
173 827 255 888 onitu
268 799 488 908 jucundissima
502 836 536 888 ct
550 823 747 910 dignissima,
764 845 942 911 quaenunt>
958 829 1074 892 obruta
1092 830 1157 892 den·
1199 901 1200 934 ἢ

173 943 300 1010 cissimis
314 943 453 1007 tenebris
464 945 620 1031 planeque
635 946 756 1028 sepulta
769 945 873 1029 jacent
891 945 965 1028 ¹³⁶).
1006 955 1057 1016 En
1068 954 1156 1018 habes

79 1046 80 1052 ἵ
173 1063 273 1152 igtntr
295 1065 362 1149 olus
387 1064 494 1150 operis
515 1063 771 1152 fragmentorum
795 1049 1035 1158 collectionem,
1066 1077 1156 1139 multa

175 1201 274 1268 ‘opera
299 1185 464 1270 multoque
485 1183 609 1264 studio,
655 1185 715 1248 nisi
741 1203 929 1272 arroganter
957 1191 1078 1258 dictum
1105 1196 1156 1274 sit,

175 1303 316 1388 undiquc
334 1306 558 1390 conquisitam,
581 1327 662 1393 quae
687 1329 705 1376 a
723 1305 908 1372 doctissimis
927 1314 1001 1382 viris
1023 1319 1087 1378 tam
1108 1317 1155 1381 diu

173 1421 348 1488 desiderata
358 1435 391 1487 et
400 1425 550 1506 promissa
559 1439 607 1491 est
622 1423 701 1512 ¹⁸⁷),
724 1449 817 1516 quam
829 1443 864 1494 ut
873 1430 1032 1506 benevolo
1042 1441 1155 1519 animo,

175 1542 300 1610 erudite
315 1545 432 1626 lector,
455 1546 587 1630 accipias
601 1549 717 1635 lterum
731 1565 826 1638 atque
843 1556 959 1621 iterum
972 1582 1063 1647 rogo„

211 1765 214 1772 ·
264 1736 338 1820 156)
362 1741 488 1812 Casaub.
509 1758 570 1814 not.
592 1743 630 1806 ad
650 1741 779 1833 Diogen.
799 1728 895 1819 Laert.
929 1760 979 1836 76.
997 1756 1156 1824 cd'Cclo-

172 1824 238 1887 niae
260 1825 351 1888 «6¹5.
377 1834 405 1890 8.
910 1845 934 1870 ⁵

264 1934 300 1991 ¹5
305 1931 338 2012 7)
357 1915 498 1993 'Promisit
515 1935 573 2015 jam
588 1936 791 2000 collectionem
806 1941 1002 2010 casaubonus
1018 1949 1056 2010 ad
1072 1951 1154 2032 Diog.

83 2050 87 2058 ,
172 2015 267 2078 Laert.
291 2019 311 2078 l.
329 2040 353 2088 c,
408 2021 670 2082 Desiderarernns
685 2027 890 2090 collectionem
911 2033 1104 2098 Montecatini
1127 2041 1153 2096 in

170 2102 295 2180 Praefat.
309 2105 349 2166 ad
361 2105 441 2174 Edit.
455 2106 490 2168 11.
507 2107 558 2176 lib.
572 2111 665 2170 Arist.
682 2112 801 2178 Politic.
823 2117 976 2181 Ferrariae
993 2127 1083 2202 ¹594·
1106 2123 1153 2190 iol.

171 2190 266 2250 Buhle
284 2193 303 2258 l.
319 2215 344 2253 c.
369 2214 438 2254 ¹20.
481 2193 616 2257 Niebuhr
628 2199 706 2268 Hist.
721 2203 808 2264 Rom.
832 2205 854 2274 l,
878 2225 926 2282 ao.
971 2209 1088 2270 Heeren
1102 2213 1153 2270 Hi·

169 2279 316 2338 storisclre
330 2279 449 2342 Werlre
470 2281 517 2350 Ill.
544 2285 592 2356 45,
634 2284 807 2368 Fragmenta
823 2294 966 2372 quaedam
980 2319 1091 2371 summa
1109 2298 1154 2357 di·

156 2363 289 2444 'ligantia
307 2381 398 2448 atque
415 2359 549 2442 doctriua
572 2372 690 2452 collegit
705 2377 850 2438 Patricius
872 2382 902 2439 in
920 2383 1053 2451 D'iscuss.
1072 2385 1153 2444 Peri-

65 2464 67 2468 ·
84 2439 87 2456 '
169 2447 230 2531 pat}
252 2467 272 2512 t.
285 2452 307 2512 l.
329 2475 360 2536 p.
378 2459 418 2534 73
439 2477 501 2536 seq.
522 2457 532 2468 ”
546 2457 679 2518 Seldenii
694 2461 732 2522 de
745 2465 817 2524 Jurc
833 2469 959 2528 naturali
974 2485 1002 2530 et
1018 2472 1153 2532 Gentium

116 2533 118 2540 ’
170 2535 293 2618 (Opera
324 2537 394 2604 Vol.
409 2541 430 2608 l,
459 2543 492 2610 Ρ,
508 2543 626 2625 Ι,’75,)
657 2549 730 2610 hacc
755 2541 823 2610 sunt
846 2551 952 2616 verna:
987 2558 1153 2636 „Memorat

102 2624 106 2630 '
169 2609 257 2698 etiam
271 2627 335 2706 ipse
349 2628 526 2690 Aristoteles
546 2643 714 2717 συνηγμεῑμας
727 2647 868 2715 πολιτείας
893 2663 945 2701 seu
969 2645 1154 2728 respublicas

169 2725 351 2793 congestas,
374 2715 478 2794 quasa
492 2716 610 2778 Laertio
626 2734 775 2800 notandae
789 2727 896 2794 πόλεων
909 2731 1059 2791 civitatum
1076 2723 1152 2814 iegi-

125 2859 131 2869 ,
168 2799 247 2856 minu
261 2798 320 2860 dici
330 2802 459 2882 opinor,
470 2817 607 2883 'quarum
623 2829 658 2867 ex
672 2811 909 2874 consideratione
923 2832 1014 2898 atque
1028 2834 1153 2880 veterum

167 2884 356 2965 placitorum
370 2888 575 2950 observatione
590 2899 640 2974 τὴν
654 2907 719 2982 nupt
731 2903 767 2964 τᾶ
779 2887 950 2986 ’ἀνθρώπινα
967 2915 1151 2987 φιλοσοφίαν.

162 2970 201 3030 ‘id
216 2987 260 3032 est
278 2972 441 3035 doctrinam
458 2978 597 3038 moralem
617 2997 646 3042 et
669 2985 800 3063 civilem,
828 3003 897 3068 post
919 2991 1023 3050 Ethica
1044 2993 1083 3052 ad
1100 2993 1151 3052 Ni-

168 3051 349 3124 comaclium]
359 3063 505 3124 absoluta
519 3066 661 3146 perficere
684 3087 728 3132 est
748 3071 915 3154 adgressum
969 3079 1178 3161 Regiminnm'

166 3145 288 3205 illorum
309 3149 362 3208 seu
375 3150 677 3232 Rerumpublicarnm
692 3159 736 3218 s'ic
751 3159 789 3218 ab
806 3158 841 3222 eo
861 3163 891 3220 in
908 3185 1019 3246 corpus
1035 3170 1151 3227 unicum

88 3239 92 3254 '
167 3233 356 3295 collectarum
386 3258 525 3299 numerus
552 3256 613 3299 erat
635 3260 754 3307 centum
783 3262 812 3306 ot
835 3249 1052 3335 quinquaginta
1077 3265 1159 3315 octo.'

166 3320 330 3398 Mittimus,
358 3324 552 3403 quaehabuit
573 3328 635 3390 alis
658 3333 804 3414 ejusmodi
818 3356 909 3415 opera
934 3331 1023 3398 reluti
1045 3345 1151 3408 δικαιώ-

165 3435 242 3490 ματα
262 3412 369 3476 πόλεων
390 3433 442 3470 seu
460 3414 609 3491 civitatum
633 3411 780 3497 forensia,
816 3438 934 3502 praeter
962 3422 1149 3506 politicorum

165 3491 262 3554 libros
278 3511 363 3572 octo,
386 3499 439 3580 qui
460 3521 494 3570 en
510 3499 681 3584 hujusmodi
697 3507 876 3586 supellectili
892 3515 956 3590 ojus
972 3528 1084 3574 tantum
1100 3537 1149 3576 su-

151 3583 302 3666 ‘perstitos
322 3583 353 3642 id
368 3605 460 3670 genus
479 3581 636 3670 disciplina
650 3609 719 3656 sunt
734 3593 814 3654 hand
827 3599 1091 3678 parumrelertit‘
