2410 4128
195 149 239 217 16

195 361 231 412 et
250 347 416 436 ἆρχέτυπαί
478 339 572 407 Alter
601 323 729 426 ingenio
752 355 810 406 sco
836 339 1003 428 indulgens
1039 353 1178 408 tumente

195 487 290 556 saepe
310 480 343 530 et
365 464 591 548 dithyrambica
608 461 769 540 oratione,
792 483 886 528 omne
900 463 1055 548 judicium
1069 465 1179 528 verita·

166 572 173 590 '
195 591 253 670 tis,
285 583 518 670 veritatemque
541 584 641 682 ipsam
662 584 705 648 sb
723 585 925 668 opinionibus
945 597 979 649 et
1002 607 1021 649 a
1041 587 1179 650 sensibus

97 679 99 688 Ι
196 707 367 773 abductam
387 726 496 770 merae
520 705 719 792 cogitationis
744 725 812 769 esse
833 685 868 769 et
887 707 1003 770 mentis
1024 705 1179 782 decrevit3

196 831 280 894 slter
295 827 437 892 omnium
450 809 562 912 rerum
580 827 646 891 vim
665 842 700 893 et
720 841 865 906 naturas,
888 826 1029 890 omnium
1041 815 1178 918 'populo

196 967 271 1014 rum
294 945 443 1012 historiae
470 947 587 1010 mentis
615 949 683 1011 acie
709 946 940 1012 uenustissime
964 959 1178 1031 perscrutans,

198 1067 365 1134 commode
392 1067 535 1132 honestis
552 1067 777 1150 commissit,
806 1069 947 1160 Platonis
977 1069 1101 1152 specles
1129 1087 1181 1133 seu

197 1190 286 1254 ideae
299 1188 498 1254 lsbelsctsrit
518 1199 551 1251 et
568 1187 608 1248 sd
622 1190 719 1254 vitam
732 1189 816 1254 bene
833 1187 1010 1277 <legendam
1021 1185 1181 1254 hominum

198 1312 339 1376 rationes
364 1321 398 1372 et
420 1308 585 1394 opiniones
609 1307 702 1372 nobis
722 1310 818 1376 etiam
849 1311 1090 1378 considerandas
1118 1331 1181 1377 esse

198 1434 312 1501 voluit.
360 1429 418 1496 illc
435 1431 535 1517 igitur
554 1430 795 1514 Rempublicam
810 1454 897 1498 suam
918 1431 1066 1521 tanquam
1085 1436 1182 1520 pictu-

199 1579 285 1636 ram,
312 1553 372 1617 sibi
394 1553 433 1617 sd
453 1555 620 1628 oculorum
642 1549 742 1622 'veluti
762 1545 1021 1636 oblectationem,
1048 1557 1181 1642 praecla-

199 1695 269 1741 ram
291 1673 420 1760 quidem
441 1670 538 1737 seda
557 1675 622 1740 vita
647 1675 812 1740 hominum
831 1675 1079 1757 sbh'orrentem4
1113 1693 1182 1738 con·

200 1795 292 1860 linxit
314 1792 359 1874 ⁴³]
371 1816 381 1874 3
417 1793 470 1858 hic
489 1794 654 1880 ceterique
678 1793 749 1860 iere
776 1815 901 1878 omnes,
931 1799 987 1884 qui
1004 1797 1064 1862 hac
1089 1797 1130 1860 tle
1148 1816 1182 1859 re

191 1915 421 1980 'disseruerunt
453 1915 650 1978 Graecorum
675 1915 876 2002 philosophi,
917 1919 985 1982 sine
1005 1919 1072 1982 ullo
1098 1927 1182 1982 certo

203 2037 375 2120 exemplari
388 2047 420 2099 et
429 2034 531 2100 forms
538 2035 731 2120 reipublicae
746 2039 949 2124 (quamquem
962 2055 1014 2100 me
1028 2059 1092 2100 non
1105 2031 1182 2122 fugit

202 2157 406 2220 Aristotelem
434 2155 568 2237 Politice
589 2153 719 2219 comice
737 2157 872 2220 idealem
892 2157 1122 2242 rempublicam
1140 2157 1183 2217 in·

195 2277 373 2356 stituisse),
389 2275 429 2337 de
444 2275 613 2363 generibus
626 2287 659 2338 et
670 2276 711 2340 dc
724 2276 851 2362 optimis
861 2269 1036 2343 rationibus
1047 2277 1183 2344 omnium

205 2397 367 2460 civitatum
381 2395 479 2458 fusius
494 2405 527 2460 et
539 2397 629 2462 varic
641 2396 737 2463 modo
751 2397 1000 2482 disputaverunt.
1080 2392 1082 2396 ’

181 2511 182 2514 '
291 2514 495 2579 Aristotelem
509 2516 709 2600 magistrum,
745 2519 800 2604 qui
812 2521 935 2604 primus
957 2529 1005 2588 rel
1020 2533 1117 2591 omnis
1132 2528 1184 2589 Isu-

206 2661 315 2700 manae
331 2641 533 2723 peritissimus
552 2635 597 2717 ⁴⁴)
620 2641 683 2706 dici
701 2643 835 2724 meruit,
867 2643 1050 2711 etsPIinio
1069 2648 1185 2733 majore

175 2749 177 2754 ¹
202 2759 417 2852 ,celebrarint
436 2763 468 2823 in
484 2763 721 2830 cosnidoetrt'oa
742 2787 870 2832 summus
892 2763 939 2854 ⁴.⁵)
963 2767 1185 2856 dittcipulcrum

294 2951 351 3038 43)
380 2939 486 3018 A'then.
509 2951 563 3024 vl.
589 2957 638 3024 ¹5.
682 2953 777 3027 Cicer.
798 2951 836 3026 sic
857 2965 1028 3030 OratoreI
1049 2971 1102 3032 52.
1142 2967 1185 3032 De

207 3045 284 3124 Rep.
307 3046 342 3103 II.
369 3066 417 3109 st.
461 3046 522 3106 Sed
536 3048 610 3107 mele
624 3049 664 3107 att
678 3065 777 3110 noster
790 3074 820 3110 in
836 3051 872 3112 de
887 3055 958 3138 Leg
972 3056 1011 3121 II.
1029 3061 1067 3136 6,
1086 3057 1185 3118 Plato·

188 3153 273 3200 ¹nem
289 3130 453 3212 principem
469 3133 558 3196 luisse
574 3137 627 3217 qui
648 3135 687 3195 de
703 3137 871 3220 Republica
886 3144 1075 3226 scripserit.
1098 3141 1186 3208 Plurs

208 3219 263 3276 hac
279 3218 363 3278 dere
381 3218 467 3282 infre.

251 3337 309 3419 44)
333 3337 520 3405 GelliusNs
531 3341 621 3406 Attio
642 3339 724 3408 XIX
747 3345 776 3411 ὅ,

252 3456 310 3539 45)
332 3459 410 3520 Hist.
428 3461 495 3521 Nat.
517 3461 592 3522 VIII.
620 3483 667 3542 ¹7.
701 3451 830 3525 sed
806 3489 836 3554 ⁵¹.
854 3461 969 3532 Stuitr
994 3469 1185 3537 recentiorum

164 3593 166 3600 .
208 3562 444 3627 mystagogorum
458 3570 550 3608 unum
566 3548 730 3628 audias,
701 3573 731 3610 et
747 3574 863 3616 sensum
876 3561 1115 3622 historicumf
1062 3561 1115 3624 def
1114 3567 1197 3628 uisse}

209 3634 289 3694 dices
315 3632 505 3717 (Utilesgsng
527 3635 581 3696 dcr
602 3637 808 3698 Naturstaatcn
837 3645 941 3724 noi.);
979 3671 1096 3710 sensum
1114 3650 1186 3710 enti-

209 3721 330 3800 quitatis
345 3736 372 3780 et
388 3724 517 3804 poetices
533 3725 675 3784 rationem
691 3725 720 3783 in
736 3725 867 3792 Homero
884 3733 1109 3817 interpretando
1119 3738 1186 3799 Ari·
