2410 4128
393 59 398 75 .

126 147 296 240 ei,

171 345 248 410 bum
262 341 390 432 quidem
407 343 491 430 opud
507 341 753 422 Grammaticos,
776 341 1068 425 commentatorem
1100 344 1161 408 ian-

103 441 107 450 ι
170 467 288 532 dantur
306 465 436 554 quidem
455 463 532 527 libri
551 463 590 526 ab
604 433 770 527 &aeternio
792 462 838 544 ⁸¹)
861 466 1043 554 ceterisque
1063 465 1160 534 mino

170 607 245 652 rom
264 587 408 676 gentium
428 585 704 669 compilatoribus,
734 605 754 650 e
773 585 948 670 deperditis
973 590 1159 674 quibusdam

170 710 262 774 libris
276 709 309 772 in
323 707 462 772 medium
475 708 603 770 allatum
626 719 675 771 est
697 719 731 771 ct
751 721 879 772 veteres
898 707 1031 793 hujusce
1054 713 1158 796 operis

169 831 380 916 interpretes,
405 851 542 916 quornm
555 828 665 914 piures
688 830 751 914 jam
773 831 900 894 saeculo
913 831 1093 896 tredecimo
1112 855 1159 897 ex·
1195 827 1196 834 '

168 955 336 1031 stiterunt,
368 951 424 1038 qui
446 971 466 1014 e
488 969 620 1052 graeco!
633 951 666 1013 in
686 950 814 1014 latinam
832 951 971 1038 linguam
993 943 1158 1016 transtule-

36 1113 48 1140 ο
128 1085 134 1096 ’
169 1073 236 1139 rint
249 1071 317 1152 ⁸²),
346 1091 473 1156 semper
493 1095 525 1135 se
544 1075 663 1156 reliqua
682 1074 770 1155 hujus
783 1075 887 1160 operis
902 1079 934 1136 in
951 1097 1066 1159 graeco
1081 1099 1158 1137 non·
1196 1103 1197 1132 r

170 1201 240 1264 dom
254 1200 403 1261 invenisse
415 1193 555 1278 ingenue
569 1191 708 1277 professi
720 1206 802 1264 suot.
845 1196 917 1278 lpse
930 1193 1024 1258 etiam
1039 1193 1159 1256 Aristo-

169 1318 250 1382 teles
274 1318 396 1398 saepius
414 1313 488 1382 boec
510 1319 542 1378 in
566 1317 759 1400 sequentibus
782 1333 946 1378 tractatum
970 1319 1012 1380 iri
1029 1315 1158 1397 pollice·
1197 1360 1198 1432 1

169 1449 246 1516 tur,
275 1455 357 1522 quoe
375 1424 503 1522 quidem
526 1432 646 1498 frustra
670 1431 932 1522 insequentibus
957 1433 1156 1522 quaesiveris,
1197 1439 1198 1512 t

169 1555 328 1622 Omnibus
342 1555 391 1618 his
403 1557 582 1641 perpensis,
605 1575 685 1641 opus
701 1557 771 1642 ipso
789 1556 828 1619 ab
838 1557 1010 1620 Aristotele
1025 1577 1090 1618 nou
1108 1556 1158 1619 ab·

169 1657 310 1753 solutum
338 1698 422 1758 esse,
458 1677 536 1742 mihi
559 1679 692 1742 maxime
718 1679 899 1744 verosimile
923 1699 992 1743 esse
1011 1679 1156 1746 videtur.
1198 1710 1199 1750 i

168 1799 249 1863 Erat
262 1819 341 1866 vero
362 1799 426 1864 hoc
447 1799 480 1862 in
494 1817 585 1863 more
606 1801 816 1887 institutoque
834 1815 980 1866 veterum
1001 1803 1155 1885 positum,

168 1932 215 2001 nt,
231 1940 303 1984 cnm
317 1921 416 1985 libros
429 1923 646 2008 perlegerent,
663 1941 774 2014 eorum
783 1923 829 1986 'de
844 1909 970 2009 queque
982 1911 1021 1990 re
1033 1939 1157 1990 senteu-

167 2046 225 2112 tiss
239 2023 471 2130 excerperent,
500 2043 644 2128 itemque
661 2056 861 2130 argumenta,
885 2041 1073 2131 quibns'res
1091 2049 1156 2111 illas
1199 2058 1200 2128 t

168 2165 416 2245 confirmabant,
444 2163 649 2244 educerem
680 2185 786 2252 neque
807 2165 841 2228 id
862 2169 965 2229 solum
986 2168 1155 2246 faciehant,

167 2283 225 2350 sed
249 2307 330 2372 quoe
350 2285 411 2370 ipsi
429 2303 584 2370 persaepe
607 2284 828 2385 probavissent
850 2286 1060 2374 adnotabant,
1102 2293 1156 2378 qni

69 2517 70 2520 ’
168 2514 257 2576 finem
282 2513 353 2574 iacit
376 2511 414 2572 sd
434 2513 502 2574 vll.
530 2513 577 2585 14.
604 2533 651 2573 ιο.
682 2528 712 2572 ct
735 2519 790 2582 τῶν
806 2527 858 2599 μὲν
879 2523 1028 2586 πολιτικῶν
1051 2527 1087 2589 roi
1108 2535 1156 2608 μὲν

168 2604 376 2682 desedisse
390 2604 476 2692 enirn
494 2599 639 2681 adjungit·
690 2601 738 2662 De
756 2625 847 2684 opere
867 2616 940 2691 Περὶ
953 2613 1117 2692 Πολιτικῆς,
1137 2613 1155 2689 ἢ

169 2692 291 2773 Γρῢλλος
314 2686 397 2778 apud
414 2688 603 2766 Anonymum
622 2704 743 2768 reperto
770 2689 847 2751 conf.
872 2693 967 2754 buhle
991 2695 1011 2755 l.
1029 2717 1053 2756 c.
1089 2718 1156 2776 ιλιι.

168 2777 410 2924 Περὶῖὴτορικῆς
430 2773 589 2858 legendum
607 2795 671 2836 essc
698 2775 851 2838 contendit
872 2779 1001 2864 Menige
1026 2781 1066 2844 ad
1081 2785 1156 2846 Dio·

168 2883 236 2946 gen.
277 2879 349 2924 acre.

258 2982 313 3064 ss)
338 2981 484 3044 aarum
498 2981 522 3044 1.
548 2985 617 3042 nc.
640 2980 741 3042 rausa
755 2982 822 3046 1³01.
843 2941 883 3049 v.
902 3009 934 3067 9.,
954 2993 985 3051 c.

259 3131 316 3202 ea)
343 3123 489 3202 Jourdain
513 3122 697 3189 Recherches
718 3125 862 3208 critiques
884 3150 935 3190 sur
958 3129 1031 3214 l'sge
1057 3149 1084 3193 et
1107 3156 1156 3193 sor

168 3215 304 3297 l'origiue
320 3211 372 3272 des
385 3211 568 3272 traductions
581 3211 686 3269 latices
701 3209 892 3276 d’Aristotclc
918 3227 988 3294 195.
1033 3221 1156 3282 Roberti

169 3302 357 3364 Lincolensis
372 3299 506 3380 episcopi
525 3298 649 3380 primaru
661 3317 724 3356 esse
738 3299 878 3361 Politices
894 3306 1075 3383 versionem,
1098 3331 1154 3366 non
1181 3325 1184 3336 ·

170 3390 287 3451 idoneis
312 3386 433 3468 quidem
455 3386 634 3466 argumentis
657 3385 825 3464 contendit,
856 3393 906 3468 76.
939 3395 1034 3453 231.Ἰ
1070 3395 1157 3455 Anti.

170 3499 261 3560 quam
279 3475 356 3534 hanc
371 3474 535 3534 versionem
549 3471 585 3530 in
603 3469 690 3530 tibris
704 3472 874 3534 Aristotelis
893 3471 1079 3560 corrigendis
1096 3504 1156 3540 ma·

59 3597 62 3606 ⁴
170 3561 372 3633 ximoauxilio
389 3583 453 3620 csse
467 3584 492 3620 v.
507 3559 544 3618 cl.
559 3559 713 3619 Victorius
728 3559 882 3640 professus
897 3578 949 3624 est.
993 3567 1155 3630 MeliiVita
1197 3567 1199 3580 ⁴

169 3650 322 3714 Ambrosii
338 3648 474 3730 Generai.
489 3633 656 3706 Camaldul.¹
682 3659 702 3704 t.
722 3645 745 3705 Ι.
772 3669 838 3730 pag.
859 3652 928 3711 156.
979 3653 1106 3716 Bondini
1121 3657 1155 3715 P.

170 3739 300 3802 Victorii
311 3739 369 3800 vita
391 3737 443 3810 rid.
