2410 4128
900 159 1035 247 'ss

40 369 178 460 physica
191 391 305 456 opera,
326 377 461 457 perraro
476 385 580 436 autem
601 373 726 456 poetica
748 387 782 436 et
797 353 1035 452 historicam·
1108 351 1111 358 Ι

40 489 238 573 rigionum,
272 491 386 555 ianuis
411 492 586 580 leprasque
609 493 743 557 aeorum
764 491 921 582 figmentis
951 509 1037 558 com.

42 613 156 708 pleta9
187 613 446 680 transtulerunt
441 611 471 646 44
456 611 519 694 44),
555 627 653 699 atquc
672 613 830 678 stinctum
855 628 919 693 est,
950 613 1037 701 quod

42 732 239 796 testimoniis
259 753 354 846 supra
368 731 512 796 adhibitis
531 734 624 818 plane
641 747 763 798 eertum
786 749 849 812 est,
882 736 1038 830 exempla-

43 851 132 913 rium
151 835 287 936 penuria
292 831 512 960 sequentibus
529 852 670 920 infaustis
686 855 747 916 illis
765 849 905 920 omnium
920 856 1037 919 littera-

44 995 120 1036 rum
125 973 339 1058 temporibus
356 977 535 1044 versionem
552 981 614 1046 enin
626 980 796 1050 Πολιτωῶι
815 978 953 1040 amissam
969 998 1036 1041 esse

43 1115 234 1179 persuasum
240 1090 365 1166 haheo.
417 1099 576 1168 Arborio
599 1121 677 1166 vero
694 1097 873 1162 doctissimo
896 1121 932 1163 ao
947 1121 1040 1183 praet

44 1217 223 1282 clarissimo
236 1217 420 1284 Patriarcha
432 1204 495 1286 hoe
511 1243 590 1306 opus
605 1221 667 1306 jam
688 1241 755 1282 non
773 1213 927 1282 lectum
909 1241 977 1282 esse
999 1241 1038 1282 ex

44 1339 120 1423 ejus
142 1337 240 1422 ipsius
269 1341 377 1406 verbis
400 1355 531 1414 constat.
600 1343 737 1427 Sopater
760 1340 915 1424 sophistes
938 1342 1037 1408 varias

45 1463 238 1546 conscripsit
257 1462 382 1549 eclogas
403 1441 447 1526 in
461 1461 549 1528 libris
571 1462 652 1540 llll,
672 1457 675 1464 ’
693 1483 770 1548 quas
790 1445 922 1524 Photius
946 1463 1038 1524 nobis

46 1583 207 1666 excerpsit
212 1603 225 1664 ς
253 1603 373 1652 summa
386 1585 431 1646 xl
446 1583 601 1646 librorum
622 1582 768 1671 exposita
785 1583 828 1645 ait
839 1580 1036 1645 Patriarcba:

42 1710 83 1781 'O
104 1712 273 1802 δωδέκατος
289 1704 381 1794 λόγος
401 1703 619 1794 συνήθροισται
638 1709 671 1786 ἐξ
692 1699 796 1777 ἄλλων
818 1732 849 1774 τε
866 1703 1036 1792 διαφόρων,
1048 1765 1054 1774 ,

47 1861 98 1902 και
89 1833 208 1899 ¹”tx
164 1857 226 1900 των
237 1828 531 1916 Ἀριστοτέλους
550 1828 760 1902 πολιτειῶν
780 1828 1042 1904 &revolsis
1006 1855 1040 1896 τι

49 1981 125 2040 φημι
139 1980 191 2020 και
184 1948 373 2039 Ἀχαιῶν
382 1931 647 2054 stillaticia,
640 1957 804 2024 Aestus
822 1977 854 2020 τι
868 1931 920 2021 ιιαι
913 1953 1041 2018 Κίων

135 2123 218 2206 548)
241 2124 367 2189 Oelsner
385 2097 425 2190 de
446 2121 617 2188 liniluenee
637 2125 675 2186 de
689 2125 847 2188 Mobemed
873 2130 943 2190 sir.
970 2129 1038 2192 «33.

51 2214 290 2298 Rhapsodirrum
309 2213 495 2294 quarundam
516 2214 617 2276 lliadis
637 2214 721 2274 fecit
730 2215 850 2294 qnidein
875 2216 1038 2278 sessionem
1060 2227 1071 2236 “·

53 2302 241 2385 Theophilus
262 2301 448 2377 Edessanus,
477 2299 677 2361 Maronites
661 2324 698 2360 ιιι
727 2304 869 2393 spriacarn
898 2303 1037 2383 linguam

51 2391 132 2450 llehr
157 2389 348 2454 Monarchiaa
369 2390 452 2449 asiat.
474 2407 565 2456 sarao
590 2403 682 2448 status
715 2379 765 2458 32·
825 2388 951 2452 Oelsner
974 2391 994 2454 l
1011 2410 1037 2448 o.
1075 2437 1084 2450 .

51 2491 155 2543 nott,
208 2475 274 2534 Etis
260 2497 306 2534 m
330 2476 450 2537 Poetica
472 2475 680 2537 Aristotelis
673 2499 703 2535 ιιι
731 2476 878 2540 arabicam
905 2478 1047 2559 lingnam.

50 2563 188 2624 translata
200 2577 263 2641 est3
294 2562 382 2632 latina
398 2564 568 2624 exambire
584 2585 678 2625 versio
685 2579 802 2645 sexstat,
824 2586 918 2644 esque
933 2566 1036 2626 imme·

49 2651 107 2712 rito
120 2671 138 2708 a
154 2649 278 2710 diversis
293 2649 430 2712 Poeticae
444 2649 610 2711 editoribus
629 2650 769 2730 neglecta.
819 2652 910 2713 Plura
929 2654 981 2712 bac
998 2650 1036 2711 de

50 2759 83 2798 re
99 2736 239 2798 disseruit
261 2735 369 2798 Carnus
391 2738 422 2797 in
437 2737 630 2799 collectione:
660 2736 779 2798 Notices
799 2752 827 2797 et
842 2740 964 2797 extraits
984 2737 1054 2797 des'

51 2824 227 2884 Mannserits
248 2823 301 2884 Vl.
318 2822 380 2895 dar
400 2845 463 2904 seq.
509 2824 577 2886 Non
591 2822 706 2904 pigebit
727 2824 828 2904 legere
853 2823 969 2884 Coudei
987 2828 1037 2906 ju·

53 2909 161 2972 dicium
176 2911 207 2972 in
221 2911 344 2977 historia
360 2911 579 2972 Dominationis
597 2909 730 2972 Arabum
744 2912 774 2969 in
791 2911 933 2985 Hispania
959 2910 1037 2988 (lli·
1128 2963 1137 2982 ,

54 2999 143 3057 storia
159 2996 197 3066 de
211 2996 239 3056 la
256 2995 443 3060 dominacion
460 2997 497 3056 de
513 2999 558 3058 los
575 2997 690 3056 Arabes
706 3019 742 3056 en
758 2999 874 3078 Espaha
903 2997 1015 3074 Prolog
998 3019 1036 3057 <ro

51 3105 81 3166 p.
73 3081 184 3161 .Xl)t
211 3085 237 3144 si
252 3105 308 3144 con
329 3086 358 3145 el
375 3087 477 3144 mismo
497 3084 594 3144 fervor
610 3105 641 3143 se
658 3081 801 3144 huhiesen
820 3098 944 3144 entonas
958 3086 1037 3166 apli-

53 3170 126 3232 cado
148 3171 240 3230 alccr
257 3195 282 3254 y
295 3171 427 3232 traducir
443 3173 486 3231 las
501 3172 638 3234 historias
660 3171 774 3253 griegas
790 3192 810 3251 y
829 3172 951 3249 latinas,
978 3173 1037 3231 bu-

53 3257 154 3326 hieran
171 3257 293 3318 imitado
311 3259 356 3321 los
373 3258 487 3320 hnenos
502 3258 651 3339 eremplos
668 3279 728 3337 que
745 3259 850 3318 dieron
866 3217 964 3318 ambis
984 3281 1035 3318 na-

53 3346 160 3410 ciones.
210 3343 238 3405 Y
256 3347 345 3407 ahora
361 3367 396 3407 en
411 3367 463 3406 ver
481 3343 526 3406 de
542 3346 761 3424 impertinentes
784 3369 802 3424 y
822 3347 951 3427 pueriles
968 3335 1037 3406 hio-

54 3433 196 3514 paphos,
224 3453 308 3492 secos
332 3433 423 3493 analis
410 3447 469 3492 stas
494 3457 515 3514 y
539 3453 627 3494 vanos
646 3447 765 3494 autores
788 3432 819 3492 di
843 3432 988 3509 Hodites,
1017 3437 1035 3492 ὁ

54 3519 189 3580 historias
206 3517 412 3582 tradicionales
428 3519 522 3580 llcnos
539 3518 576 3581 dc
594 3539 722 3600 pompa,
748 3543 767 3600 y
782 3519 819 3578 de
833 3519 954 3578 lascivas
967 3515 1036 3607 gri·

55 3607 110 3666 cias
128 3604 166 3665 de
180 3605 282 3685 estilo,
316 3607 495 3670 teudriamos
517 3629 553 3667 en
575 3607 649 3666 ellos
672 3605 786 3666 huenos
806 3607 900 3666 histor
903 3603 1035 3682 raderes,

54 3715 125 3774 pnes
141 3693 188 3752 los
204 3691 364 3756 Arabes
335 3718 366 3755 nr
383 3717 420 3756 en
436 3695 552 3778 lingua,
581 3695 611 3754 ui
632 3715 667 3756 en
683 3694 801 3780 ingenio
820 3691 944 3754 tedes
932 3717 950 3756 a
970 3695 1036 3756 rin-

55 3799 130 3862 gunt
145 3793 210 3841 otra
227 3784 340 3848 nacion.
