2410 4128
973 114 1014 180 15

116 275 236 362 Omnes
259 315 338 384 uero
361 317 435 360 suae
457 291 564 358 aetatis
581 294 736 379 sophistas
759 297 852 388 elusit
875 313 908 364 ct
929 321 1016 366 accr-

44 420 111 482 rime
129 419 161 480 in
178 437 233 482 eos
248 418 417 503 disputavit
431 417 595 495 Socrates,
624 415 785 482 fallacibus
803 420 930 504 quidem
950 443 1016 504 saa.

42 540 100 626 pius
123 540 314 622 Dialecticae
341 539 453 620 nodis,
495 539 579 624 apud
605 539 770 602 Platonem
798 544 932 623 saltem3
971 545 1037 610 ita*

42 674 71 724 ut
93 663 157 745 ipse
184 663 466 758 praestantissimus
492 671 613 724 tantum
644 661 783 725 omnium
805 663 1015 746 sophistarum

41 805 109 848 unus
119 785 262 849 videatur
278 777 331 865 ⁴¹).
375 778 540 870 Siquidem
554 782 694 844 omnium
707 782 891 856 coelestium
907 806 1016 872 curam

41 903 173 988 deposuit
189 895 336 968 Socrates
343 924 354 985 ;
378 888 496 988 eaque,
518 923 598 989 quae
606 901 647 982 de
659 916 770 969 natura
782 920 1015 988 quaererentur

40 1039 85 1088 aut
98 1024 218 1108 majora
237 1046 330 1110 quam
346 1043 427 1109 quae
440 1023 606 1106 hominum
625 1023 706 1087 ratio
726 1025 879 1110 consequi
898 1029 1014 1108 possit,

40 1156 84 1207 aut
100 1145 180 1210 nihil
200 1125 328 1210 omnino
344 1145 495 1210 advitam
519 1143 683 1208 hominum
703 1145 836 1208 attinere
858 1145 952 1230 dixit,
982 1163 1015 1214 et

40 1264 149 1331 devita
160 1279 299 1345 tantum,
328 1265 369 1330 de
383 1269 541 1352 moribus,
569 1269 610 1336 de
627 1267 798 1332 virtutihus
820 1266 905 1330 etde
920 1235 1015 1352 depu-

41 1386 111 1450 blica
125 1391 537 1474 [quamquamnonprimns,
554 1404 590 1455 ut
597 1411 693 1474 supra
698 1388 759 1471 jam
765 1387 1015 1453 demonstratum

42 1523 96 1590 est,
123 1513 204 1574 sicut
223 1511 336 1572 Cicero
357 1509 474 1596 aliique
496 1509 756 1588 affirmaverunt)
781 1507 826 1590 42)
855 1529 1015 1594 ‚quaerere

42 1633 137 1695 solitus
150 1644 215 1712 est;
234 1629 326 1716 cujus
339 1650 359 1694 e
374 1629 554 1716 disciplina,
584 1653 603 1696 e
624 1630 842 1714 philosophiae
858 1631 949 1716 quasi
967 1629 1015 1694 of-

42 1750 136 1832 ficina,
160 1752 278 1814 multae
300 1752 470 1838 variaeque
484 1750 649 1815 doctrinae
669 1751 878 1830 exstiterunt3
911 1771 1014 1836 usque

43 1871 75 1934 ad
87 1895 154 1935 eum
169 1873 256 1935 enim
274 1893 383 1936 omnes
398 1872 595 1952 Academici,
616 1870 839 1954 Peripatetici,
858 1870 958 1932 Stoici
980 1883 1015 1932 ct

44 1992 196 2075 Epicuraei
207 1989 329 2056 radices
343 2005 448 2080 agunt.
475 1993 713 2057 Socraticorum
727 2010 806 2054 vero
822 1991 917 2074 longe
931 1991 1014 2054 cele-

45 2109 160 2176 berrimi
176 2125 249 2198 suut
261 2113 352 2176 Plato
363 2126 399 2176 et
414 2112 620 2194 Aristoteles,
644 2115 714 2197 qui,
735 2134 924 2199 quamquam
936 2130 1014 2196 tem-

44 2251 149 2314 porum.
162 2229 286 2314 ratione
305 2253 463 2318 perpensa
482 2235 623 2298 Socratis
642 2233 832 2317 discipulus,
858 2236 1015 2320 quidcun·
1028 2276 1049 2298 a
1094 2310 1096 2320 X

44 2355 199 2436 questiam
212 2354 373 2437 nugatorii
391 2352 592 2450 Grammatici
611 2353 644 2415 in
657 2353 798 2418 medium
818 2356 1013 2441 attulerunt,

43 2476 210 2560 neutiquam
231 2448 302 2538 esse
318 2475 478 2560 potuerit,
505 2473 577 2557 jure
600 2486 707 2539 tamen
728 2478 813 2560 inter
833 2477 1014 2543 Socraticos

43 2597 262 2664 adnumeratur·
465 2577 469 2587 ¹

114 2757 205 2820 Plato
225 2766 259 2817 et
273 2751 479 2838 Aristotcles,
502 2751 707 2818 excelsissima
725 2753 838 2818 doctae
859 2755 1014 2820 Graeciae

42 2874 173 2962 ingenia,
198 2876 341 2943 biformis
360 2887 490 2941 naturae
503 2876 656 2940 humanae
671 2877 813 2960 exempla
835 2891 908 2941 sunt
925 2882 1024 2966 quasi.

114 3129 170 3212 ds)
192 3131 278 3192 Plato
292 3129 330 3190 ab
338 3129 467 3189 Eleatica
486 3118 573 3189 simul
589 3127 792 3189 etHeraclitca
808 3133 922 3195 ratione
938 3157 1013 3218 pro-

43 3211 123 3278 iectus
135 3219 277 3284 adversus
295 3237 394 3276 earum
410 3217 518 3298 placita
534 3219 674 3275 acerrime
689 3219 840 3297 pugnavit.
885 3224 1012 3286 Brandis

43 3302 164 3369 Distribe
185 3305 350 3364 academica
374 3301 411 3370 da
433 3300 559 3383 perditis
575 3304 743 3364 Aristotelis
768 3303 855 3370 libris
876 3308 913 3368 da
934 3310 1013 3374 ldeis

43 3392 110 3454 etde
123 3394 225 3470 Bono,
247 3393 308 3451 sive
324 3389 519 3471 Philosophia
541 3394 593 3450 61.
704 3399 707 3406 ’

113 3529 168 3612 da)
203 3529 309 3590 Omnia
325 3528 385 3588 lere
403 3529 529 3589 veterum
544 3528 626 3607 loca,
656 3529 767 3610 quibus
783 3530 900 3592 moralis
920 3529 1014 3593 disai-

42 3613 127 3692 plinae
147 3632 251 3678 auctor
273 3617 400 3690 dicitur,
426 3615 547 3674 collecta
569 3631 638 3676 sunt
659 3619 688 3676 iu
714 3617 844 3678 Fabricii
867 3616 915 3682 ed.
933 3620 1013 3682 Sesti

43 3701 190 3786 Empiriei,
213 3702 293 3770 hdr.
308 3703 430 3764 Ethicos
450 3703 534 3763 initio
554 3707 624 3780 691.
817 3691 830 3722 Χ
